<collection>
<record>
<leader>07423cpcaa22012257a 4500</leader>
<controlfield tag="001">15009579</controlfield>
<controlfield tag="005">20220128115730.0</controlfield>
<controlfield tag="007">st omndmb||n||</controlfield>
<controlfield tag="007">ss |||||||||||</controlfield>
<controlfield tag="007">vf cba|||</controlfield>
<controlfield tag="008">070917r19941908un ukr </controlfield>
<datafield ind1=" " ind2=" " tag="906">
<subfield code="a">7</subfield>
<subfield code="b">cbc</subfield>
<subfield code="c">orignew</subfield>
<subfield code="d">u</subfield>
<subfield code="e">ncip</subfield>
<subfield code="f">20</subfield>
<subfield code="g">y-folklife</subfield>
</datafield>
<datafield ind1=" " ind2=" " tag="955">
<subfield code="a">mkru 2007-09-17;</subfield>
<subfield code="a">mseg 2013-01-07</subfield>
<subfield code="a">mkru 2016-06-27</subfield>
<subfield code="a">mkru 2016-11-22</subfield>
<subfield code="a">mkru 2017-07-24</subfield>
<subfield code="a">mkru 2018-04-18</subfield>
<subfield code="a">masmit 2022-01-28</subfield>
</datafield>
<datafield ind1=" " ind2=" " tag="010">
<subfield code="a"> 2007700248</subfield>
</datafield>
<datafield ind1="2" ind2="0" tag="033">
<subfield code="a">1908----</subfield>
<subfield code="a">193u----</subfield>
</datafield>
<datafield ind1=" " ind2=" " tag="040">
<subfield code="a">DLC</subfield>
<subfield code="c">DLC</subfield>
<subfield code="e">dacs</subfield>
<subfield code="d">DLC</subfield>
</datafield>
<datafield ind1="1" ind2=" " tag="041">
<subfield code="d">ukr</subfield>
<subfield code="a">ukr</subfield>
<subfield code="a">eng</subfield>
<subfield code="h">ukr</subfield>
<subfield code="g">eng</subfield>
</datafield>
<datafield ind1=" " ind2=" " tag="090">
<subfield code="a">RVA 1140-1176; RWA 0782-0818; VAS 3417-3419</subfield>
</datafield>
<datafield ind1=" " ind2=" " tag="090">
<subfield code="a">AFC 1992/005</subfield>
</datafield>
<datafield ind1="0" ind2="0" tag="245">
<subfield code="a">
Rylʹsʹkyĭ Institute Ukrainian cylinder collection, 1908-1930s.
</subfield>
</datafield>
<datafield ind1="1" ind2=" " tag="246">
<subfield code="a">Ukrainian cylinder collection</subfield>
</datafield>
<datafield ind1=" " ind2=" " tag="260">
<subfield code="a">1994, 1908-1930s.</subfield>
</datafield>
<datafield ind1=" " ind2=" " tag="300">
<subfield code="a">315</subfield>
<subfield code="f">items.</subfield>
</datafield>
<datafield ind1=" " ind2=" " tag="300">
<subfield code="a">37 sound tape reels :</subfield>
<subfield code="b">analog, 7 1/2 ips, 2 track ;</subfield>
<subfield code="c">10 in.</subfield>
</datafield>
<datafield ind1=" " ind2=" " tag="300">
<subfield code="a">37 sound cassettes (U-Matic audio) :</subfield>
<subfield code="b">digital ;</subfield>
<subfield code="c">3/4 in.</subfield>
</datafield>
<datafield ind1=" " ind2=" " tag="300">
<subfield code="a">2 photographic prints :</subfield>
<subfield code="b">color ;</subfield>
<subfield code="c">4 x 6 in. and smaller.</subfield>
</datafield>
<datafield ind1=" " ind2=" " tag="300">
<subfield code="a">38 photographs :</subfield>
<subfield code="b">black-and-white negatives ;</subfield>
<subfield code="c">35 mm</subfield>
</datafield>
<datafield ind1=" " ind2=" " tag="300">
<subfield code="a">24 photographs :</subfield>
<subfield code="b">black-and-white copy negatives ;</subfield>
<subfield code="c">4 x 5 in.</subfield>
</datafield>
<datafield ind1=" " ind2=" " tag="300">
<subfield code="a">2 videocassettes (VHS) :</subfield>
<subfield code="b">color, sound.</subfield>
</datafield>
<datafield ind1=" " ind2=" " tag="300">
<subfield code="3">manuscripts</subfield>
<subfield code="a">22</subfield>
<subfield code="f">folders,</subfield>
<subfield code="a">(7</subfield>
<subfield code="f">linear in.)</subfield>
</datafield>
<datafield ind1=" " ind2=" " tag="500">
<subfield code="a">
Library of Congress duplication project, 1992-1995. Originals on approximately 212 wax cylinders, transferred by John Howell, Library of Congress Recording Laboratory.
</subfield>
</datafield>
<datafield ind1=" " ind2=" " tag="520">
<subfield code="a">
This collection of approximately 400 folk songs, folk music, and oral traditions includes sound recorded by Ukrainian ethnologists on wax cylinders in Ukraine between 1908 and the early 1930s. In a joint project, 212 of approximately 300-400 cylinders in the collection of the Instytut mystet︠s︡tvoznavstva, folʹkloru ta etnohrafiï im. M.T. Rylʹsʹkoho (Rylʹsʹkyĭ Institute) were copied and preserved on audio tape from 1992-1995 at the Library of Congress. Content includes bardic traditions (secular and religious songs), seasonal ritual folk songs (winter carols, spring songs), music of life-cycle rituals (weddings, funerals, laments), as well as ballads and instrumental and ensemble compositions. Of significant note are recordings of blind minstrels (kobzari, lirnyky) probably made during the late 1920s and early 1930s before Stalinist purges. The collection includes musical transcriptions of some of the recordings made by folklorists of the period, including Volodymir Kharkiv, as well as accompanying ethnographic photographs of performers and their instruments dating from the turn of the 20th century and from the 1960s. Additional documentation includes photocopies of slips of paper that were in the cylinder containers, many of which identify the contents of the cylinder. Other photographs document Library of Congress staff member Joseph Hickerson's trip to Ukraine and the Rylʹsʹkyĭ Institute in March 1994. Two videocassettes, produced in 1994, promote the institutional collaboration between the Rylʹsʹkyĭ Institute and the Library.
</subfield>
</datafield>
<datafield ind1=" " ind2=" " tag="524">
<subfield code="a">
Rylʹsʹkyĭ Institute Ukrainian cylinder collection, 1908-1930s (AFC 1992/005), Archive of Folk Culture, American Folklife Center, Library of Congress, Washington, D.C.
</subfield>
</datafield>
<datafield ind1=" " ind2=" " tag="530">
<subfield code="a">
Original sound cylinders were also preserved on a second set of 37 U-Matic digital audio cassette tapes which include explanatory announcements in English and Ukrainian prior to each recording.
</subfield>
</datafield>
<datafield ind1="1" ind2=" " tag="535">
<subfield code="a">
Original sound cylinders and digital preservation copies were returned to:
</subfield>
<subfield code="b">
Instytut mystet︠s︡tvoznavstva, folʹkloru ta etnohrafiï im. M.T. Rylʹsʹkoho,
</subfield>
<subfield code="b">4 Hrushevsky St., 01001, Kiev-1, Ukraine.</subfield>
</datafield>
<datafield ind1="0" ind2=" " tag="506">
<subfield code="a">
Collection is open for research. To request materials, please contact the Folklife Reading Room at
</subfield>
<subfield code="u">http://hdl.loc.gov/loc.afc/folklife.contact</subfield>
</datafield>
<datafield ind1=" " ind2=" " tag="540">
<subfield code="a">
Duplication of the recorded materials may be governed by copyright and other restrictions. Audio duplication for distribution or commercial use must be cleared through the Rylʹsʹkyĭ Institute.
</subfield>
</datafield>
<datafield ind1=" " ind2=" " tag="541">
<subfield code="a">Rylʹsʹkyĭ Institute;</subfield>
<subfield code="c">Loan for duplication;</subfield>
<subfield code="d">1992-1995.</subfield>
</datafield>
<datafield ind1=" " ind2=" " tag="546">
<subfield code="a">
Sound recordings in Ukrainian; description of songs in Ukrainian and English.
</subfield>
</datafield>
<datafield ind1="0" ind2=" " tag="555">
<subfield code="a">Finding aid is available online</subfield>
<subfield code="u">http://hdl.loc.gov/loc.afc/eadafc.af016011</subfield>
</datafield>
<datafield ind1=" " ind2="0" tag="650">
<subfield code="a">Folk music</subfield>
<subfield code="z">Ukraine.</subfield>
</datafield>
<datafield ind1=" " ind2="0" tag="650">
<subfield code="a">Folk songs, Ukrainian</subfield>
<subfield code="z">Ukraine.</subfield>
</datafield>
<datafield ind1=" " ind2="0" tag="650">
<subfield code="a">Ballads, Ukrainian</subfield>
<subfield code="z">Ukraine.</subfield>
</datafield>
<datafield ind1=" " ind2="0" tag="650">
<subfield code="a">Bandura music.</subfield>
</datafield>
<datafield ind1=" " ind2="0" tag="650">
<subfield code="a">Bandurists</subfield>
<subfield code="z">Ukraine.</subfield>
</datafield>
<datafield ind1=" " ind2="0" tag="650">
<subfield code="a">Bards and bardism</subfield>
<subfield code="z">Ukraine.</subfield>
</datafield>
<datafield ind1=" " ind2="0" tag="650">
<subfield code="a">Beggars</subfield>
<subfield code="v">Songs and music.</subfield>
</datafield>
<datafield ind1=" " ind2="0" tag="650">
<subfield code="a">Blind musicians</subfield>
<subfield code="v">Songs and music.</subfield>
</datafield>
<datafield ind1=" " ind2="0" tag="650">
<subfield code="a">Blind poets</subfield>
<subfield code="v">Songs and music.</subfield>
</datafield>
<datafield ind1=" " ind2="0" tag="650">
<subfield code="a">Brigands and robbers</subfield>
<subfield code="v">Songs and music.</subfield>
</datafield>
<datafield ind1=" " ind2="0" tag="650">
<subfield code="a">Carols, Ukrainian</subfield>
<subfield code="z">Ukraine.</subfield>
</datafield>
<datafield ind1=" " ind2="0" tag="650">
<subfield code="a">Christmas music</subfield>
<subfield code="z">Ukraine.</subfield>
</datafield>
<datafield ind1=" " ind2="7" tag="650">
<subfield code="a">Costumes</subfield>
<subfield code="z">Ukraine</subfield>
<subfield code="y">1900-1910.</subfield>
<subfield code="2">lctgm</subfield>
</datafield>
<datafield ind1=" " ind2="0" tag="650">
<subfield code="a">Dance music</subfield>
<subfield code="z">Ukraine.</subfield>
</datafield>
<datafield ind1=" " ind2="0" tag="650">
<subfield code="a">Dumy, Ukrainian</subfield>
<subfield code="z">Ukraine.</subfield>
</datafield>
<datafield ind1=" " ind2="0" tag="650">
<subfield code="a">Epic poetry, Ukrainian</subfield>
<subfield code="z">Ukraine.</subfield>
</datafield>
<datafield ind1=" " ind2="0" tag="650">
<subfield code="a">Ethnology</subfield>
<subfield code="z">Ukraine</subfield>
<subfield code="y">20th century.</subfield>
</datafield>
<datafield ind1=" " ind2="0" tag="650">
<subfield code="a">Flute music</subfield>
<subfield code="z">Ukraine.</subfield>
</datafield>
<datafield ind1=" " ind2="0" tag="650">
<subfield code="a">Flute players</subfield>
<subfield code="z">Ukraine.</subfield>
</datafield>
<datafield ind1=" " ind2="0" tag="650">
<subfield code="a">Folk dance music</subfield>
<subfield code="z">Ukraine.</subfield>
</datafield>
<datafield ind1=" " ind2="0" tag="650">
<subfield code="a">Folk poetry, Ukrainian</subfield>
<subfield code="z">Ukraine.</subfield>
</datafield>
<datafield ind1=" " ind2="0" tag="650">
<subfield code="a">Folklore</subfield>
<subfield code="y">20th century</subfield>
<subfield code="z">Ukraine.</subfield>
</datafield>
<datafield ind1=" " ind2="0" tag="650">
<subfield code="a">Funeral music</subfield>
<subfield code="z">Ukraine.</subfield>
</datafield>
<datafield ind1=" " ind2="0" tag="650">
<subfield code="a">Gardening</subfield>
<subfield code="v">Songs and music.</subfield>
</datafield>
<datafield ind1=" " ind2="0" tag="650">
<subfield code="a">Hurdy gurdy music</subfield>
<subfield code="z">Ukraine.</subfield>
</datafield>
<datafield ind1=" " ind2="0" tag="650">
<subfield code="a">Hutsuls</subfield>
<subfield code="v">Music.</subfield>
</datafield>
<datafield ind1=" " ind2="0" tag="650">
<subfield code="a">Hymns, Ukrainian</subfield>
<subfield code="z">Ukraine.</subfield>
</datafield>
<datafield ind1=" " ind2="0" tag="650">
<subfield code="a">Kobzari</subfield>
<subfield code="z">Ukraine.</subfield>
</datafield>
<datafield ind1=" " ind2="0" tag="650">
<subfield code="a">Instrumental ensembles</subfield>
<subfield code="z">Ukraine.</subfield>
</datafield>
<datafield ind1=" " ind2="0" tag="650">
<subfield code="a">Laments</subfield>
<subfield code="z">Ukraine.</subfield>
</datafield>
<datafield ind1=" " ind2="0" tag="650">
<subfield code="a">Minstrels</subfield>
<subfield code="z">Ukraine.</subfield>
</datafield>
<datafield ind1=" " ind2="0" tag="650">
<subfield code="a">Musicians</subfield>
<subfield code="z">Ukraine</subfield>
<subfield code="y">20th century</subfield>
<subfield code="x">Social conditions.</subfield>
</datafield>
<datafield ind1=" " ind2="0" tag="650">
<subfield code="a">Musicians</subfield>
<subfield code="z">Ukraine</subfield>
<subfield code="y">20th century</subfield>
<subfield code="v">Photographs.</subfield>
</datafield>
<datafield ind1=" " ind2="0" tag="650">
<subfield code="a">Polish people</subfield>
<subfield code="z">Ukraine.</subfield>
</datafield>
<datafield ind1=" " ind2="0" tag="650">
<subfield code="a">Psalms (Music)</subfield>
<subfield code="z">Ukraine.</subfield>
</datafield>
<datafield ind1=" " ind2="0" tag="650">
<subfield code="a">Rites and ceremonies</subfield>
<subfield code="z">Ukraine.</subfield>
</datafield>
<datafield ind1=" " ind2="0" tag="650">
<subfield code="a">Ruthenians</subfield>
<subfield code="z">Ukraine</subfield>
<subfield code="v">Music.</subfield>
</datafield>
<datafield ind1=" " ind2="0" tag="650">
<subfield code="a">Salt industry and trade</subfield>
<subfield code="z">Ukraine</subfield>
<subfield code="v">Songs and music.</subfield>
</datafield>
<datafield ind1=" " ind2="0" tag="650">
<subfield code="a">Thieves</subfield>
<subfield code="v">Songs and music.</subfield>
</datafield>
<datafield ind1=" " ind2="0" tag="650">
<subfield code="a">Ukrainians</subfield>
<subfield code="v">Music.</subfield>
</datafield>
<datafield ind1=" " ind2="0" tag="650">
<subfield code="a">Vesnianky</subfield>
<subfield code="z">Ukraine.</subfield>
</datafield>
<datafield ind1=" " ind2="0" tag="650">
<subfield code="a">Wedding music</subfield>
<subfield code="z">Ukraine.</subfield>
</datafield>
<datafield ind1=" " ind2="7" tag="650">
<subfield code="a">Weddings</subfield>
<subfield code="z">Ukraine</subfield>
<subfield code="y">1950-1960.</subfield>
<subfield code="2">lctgm</subfield>
</datafield>
<datafield ind1=" " ind2="0" tag="650">
<subfield code="a">Work songs</subfield>
<subfield code="z">Ukraine.</subfield>
</datafield>
<datafield ind1=" " ind2="0" tag="650">
<subfield code="a">Cylinder recordings</subfield>
<subfield code="z">Ukraine</subfield>
<subfield code="x">History.</subfield>
</datafield>
<datafield ind1=" " ind2="0" tag="651">
<subfield code="a">Ukraine</subfield>
<subfield code="x">Social life and customs.</subfield>
</datafield>
<datafield ind1=" " ind2="0" tag="651">
<subfield code="a">Carpathian Mountains Region</subfield>
<subfield code="x">Social life and customs.</subfield>
</datafield>
<datafield ind1=" " ind2="0" tag="651">
<subfield code="a">Galicia, Eastern (Ukraine)</subfield>
<subfield code="x">Social life and customs.</subfield>
</datafield>
<datafield ind1=" " ind2="7" tag="655">
<subfield code="a">Interviews.</subfield>
<subfield code="2">lcgft</subfield>
</datafield>
<datafield ind1=" " ind2="7" tag="655">
<subfield code="a">Sound recordings.</subfield>
<subfield code="2">lcgft</subfield>
</datafield>
<datafield ind1=" " ind2="7" tag="655">
<subfield code="a">Songs.</subfield>
<subfield code="2">lcgft</subfield>
</datafield>
<datafield ind1=" " ind2="7" tag="655">
<subfield code="a">Ballads.</subfield>
<subfield code="2">lcgft</subfield>
</datafield>
<datafield ind1=" " ind2="7" tag="655">
<subfield code="a">Dumy (Music)</subfield>
<subfield code="2">lcgft</subfield>
</datafield>
<datafield ind1=" " ind2="7" tag="655">
<subfield code="a">Hymns.</subfield>
<subfield code="2">lcgft</subfield>
</datafield>
<datafield ind1=" " ind2="7" tag="655">
<subfield code="a">Carols.</subfield>
<subfield code="2">lcgft</subfield>
</datafield>
<datafield ind1=" " ind2="7" tag="655">
<subfield code="a">Video recordings.</subfield>
<subfield code="2">lcgft</subfield>
</datafield>
<datafield ind1=" " ind2="7" tag="655">
<subfield code="a">Photographs.</subfield>
<subfield code="2">gmgpc</subfield>
</datafield>
<datafield ind1=" " ind2="7" tag="655">
<subfield code="a">Videocassettes.</subfield>
<subfield code="2">aat</subfield>
</datafield>
<datafield ind1="2" ind2=" " tag="710">
<subfield code="a">
Instytut mystet︠s︡tvoznavstva, folʹkloru ta etnohrafiï im. M.T. Rylʹsʹkoho,
</subfield>
<subfield code="e">collector.</subfield>
</datafield>
<datafield ind1="2" ind2=" " tag="710">
<subfield code="a">Archive of Folk Culture (Library of Congress),</subfield>
<subfield code="e">sponsor.</subfield>
</datafield>
<datafield ind1="2" ind2=" " tag="710">
<subfield code="a">Library of Congress.</subfield>
<subfield code="b">Recording Laboratory.</subfield>
</datafield>
<datafield ind1=" " ind2=" " tag="852">
<subfield code="a">Library of Congress</subfield>
<subfield code="b">Archive of Folk Culture, American Folklife Center,</subfield>
<subfield code="e">
101 Independence Ave. S.E., Washington, DC USA 20540-4610
</subfield>
<subfield code="u">http://hdl.loc.gov/loc.afc/folklife.home</subfield>
</datafield>
<datafield ind1="4" ind2="2" tag="856">
<subfield code="3">Finding aid</subfield>
<subfield code="u">http://hdl.loc.gov/loc.afc/eadafc.af016011</subfield>
</datafield>
<datafield ind1=" " ind2=" " tag="985">
<subfield code="a">afc/ead</subfield>
</datafield>
<datafield ind1=" " ind2=" " tag="985">
<subfield code="a">afc/coll</subfield>
</datafield>
</record>
</collection>